%%
% The BIThesis Template for Bachelor Graduation Thesis
%
% 北京理工大学毕业设计（论文）参考文献管理 —— 使用 XeLaTeX 编译
%
% Copyright 2020-2023 BITNP
%
% This work may be distributed and/or modified under the
% conditions of the LaTeX Project Public License, either version 1.3
% of this license or (at your option) any later version.
% The latest version of this license is in
%   http://www.latex-project.org/lppl.txt
% and version 1.3 or later is part of all distributions of LaTeX
% version 2005/12/01 or later.
%
% This work has the LPPL maintenance status `maintained'.
%
% The Current Maintainer of this work is Feng Kaiyu.
%
% Compile with: xelatex -> biber -> xelatex -> xelatex

@misc{
    驾驶人数据,
    author = "中华人民共和国公安部",
    title = "我国驾驶人迅速增长 年均增加2500万人 驾驶人总量超5亿位居世界第一",
    howpublished = "Website",
    year = {2022},
    note = {\url{https://app.mps.gov.cn/gdnps/pc/content.jsp?id=8794518}}
}
% [2]
@article{赵杨2022网约车冲击下出租车行业转型对策研究,
  title={网约车冲击下出租车行业转型对策研究:以北京市为例},
  author={赵杨 and 刘倩},
  journal={科学决策},
  number={12},
  pages={30},
  year={2022},
}
% [3]
@article{程刚2011车联网现状与发展研究,
  title={车联网现状与发展研究},
  author={程刚 and 郭达},
  journal={移动通信},
  volume={35},
  number={17},
  pages={4},
  year={2011},
}
% [4]
@article{Zhaojun2018A,
  title={A Survey on Recent Advances in Vehicular Network Security, Trust, and Privacy},
  author={Zhaojun and Lu and Gang and Qu and Zhenglin and Liu},
  journal={IEEE Transactions on Intelligent Transportation Systems},
  year={2018},
}

@article{袁勇2016区块链技术发展现状与展望,
  title={区块链技术发展现状与展望},
  author={袁勇 and 王飞跃},
  journal={自动化学报},
  volume={42},
  number={4},
  pages={14},
  year={2016},
}
% [6]
%@article{周畅2020区块链在车载自组网中的应用研究及展望,
%  title={区块链在车载自组网中的应用研究及展望},
%  author={周畅 and 陆慧梅 and 向勇 and 吴竞邦},
%  journal={计算机科学},
%  volume={47},
%  number={2},
%  pages={8},
%  year={2020},
%}
% [7]
@article{2008Bitcoin,
  title={Bitcoin: A Peer-to-Peer Electronic Cash System},
  author={ Nakamoto, S. },
  journal={consulted},
  year={2008},
}
% [8]
@article{贺海武2018基于区块链的智能合约技术与应用综述,
  title={基于区块链的智能合约技术与应用综述},
  author={贺海武 and 延安 and 陈泽华},
  journal={计算机研究与发展},
  volume={55},
  number={11},
  pages={15},
  year={2018},
}
% [9]
@book{swan2015blockchain,
  title={Blockchain: Blueprint for a new economy},
  author={Swan, Melanie},
  year={2015},
  publisher={" O'Reilly Media, Inc."}
}
% [10]
@article{1997Formalizing,
  title={Formalizing and Securing Relationships on Public Networks},
  author={ Szabo, N. },
  journal={First Monday},
  volume={2},
  number={9},
  year={1997},
}
% [11]
@article{2014ASmartContract,
  title={A next-generation smart contract and decentralized application platform},
  author={ Buterin, Vitalik },
  year={2014},
}
% [12]
@article{欧阳丽炜2019智能合约,
  title={智能合约:架构及进展},
  author={欧阳丽炜 and 王帅 and 袁勇 and 倪晓春 and 王飞跃},
  journal={自动化学报},
  number={3},
  pages={13},
  year={2019},
} 
% [13]
@article{2015ggmap,
  title={ggmap: Spatial Visualization with ggplot2},
  author={ Kahle, D.  and  Wickham, H. },
  journal={The R Journal},
  volume={5},
  number={1},
  pages={144-161},
  year={2015},
}
% [14]
@article{2018HGeoHashBase,
  title={HGeoHashBase: an optimized storage model of spatial objects for location-based services},
  author={ Zhang, Jingwei  and  Yang, Chao  and  Yang, Qing  and  Lin, Yuming  and  Zhang, Yanchun },
  journal={Frontiers of Computer Science (print)},
  volume={14},
  number={1},
  year={2018},
}
% [15]
@inproceedings{2014AGeohash,
  title={A geohash-based index for spatial data management in distributed memory},
  author={ Li, H.  and  Jiang, D.  and  Gao, Y.  and  Yu, H.  and  Liu, J. },
  booktitle={IEEE},
  year={2014},
}
% [16]
@article{栾方军2020Geohash,
  title={Geohash编码在出租车巡游路线推荐中的应用},
  author={栾方军 and 张鹏旭 and 曹科研},
  journal={计算机与数字工程},
  volume={48},
  number={12},
  pages={7},
  year={2020},
}
% [17]
@article{1959A,
  title={A note on two problems in connexion with graphs},
  author={ Dijkstra, E. W. },
  journal={Numerische Mathematik},
  volume={1},
  number={1},
  year={1959},
}
% [18]
@mastersthesis{洪安定基于优化司乘匹配的区域网约车平台设计与实现,  
author={洪安定}, 
title={基于优化司乘匹配的区域网约车平台设计与实现}, 
school={湖南师范大学}, 
year={2021}, 
type={硕士论文}, 
month={}, 
}
% [19]
@article{1962Algorithm,
  title={Algorithm 97, Shortest Path Algorithms},
  author={ Floyd, Robert W },
  journal={Communications of the ACM},
  volume={5},
  number={6},
  pages={345},
  year={1962},
}
% [20]
@article{黄文团2011,
  title={基于Floyd算法拼车信息服务系统},
  author={黄文团 and 高萍 and 沈张果},
  journal={电脑知识与技术},
  number={4X},
  pages={2},
  year={2011},
}
% [21]
@article{1972A,
  title={A Formal Basis for the Heuristic Determination of Minimum Cost Paths},
  author={ Hart, P. E.  and  Nilsson, N. J.  and  Raphael, B. },
  journal={IEEE Transactions on Systems Science & Cybernetics},
  volume={4},
  number={2},
  pages={28-29},
  year={1972},
}
% [22]
@article{1966The,
  title={The Shortest Route Through a Network with Time-Dependent Internodal Transit Times},
  author={ Cooke, K. L.  and  Halsey, E. },
  journal={Journal of Mathematical Analysis & Applications},
  volume={14},
  number={3},
  pages={493-498},
  year={1966},
}
% [23]
@article{1997The,
author={Fox D. and Burgard W.},
title={ The dynamic window approach to collision avoidance },
journal={IEEE robotics and automation magazine: A publication of the IEEE Robotics and Automation Society},
year={1997},
volume={4},
number={1},
pages={23-33},
month={1},
}
% [24]
@misc{杨中华0基于改进方向评价函数,
  title={基于改进方向评价函数DWA算法的局部路径规划方法},
  author={杨中华 and 胡泰洋 and 李汪洋 and 陈杰 and 周阳 and 邵亚东 and 肖泽龙 and 薛文},
}
% [25]
@article{1986Real,
  title={Real-Time Obstacle Avoidance for Manipulators and Mobile Robots},
  author={ Kathib, O. },
  journal={Springer New York},
  year={1986},
}
% [26]
@article{杜婉茹2021面向未知环境及动态障碍的人工势场路径规划算法,
  title={面向未知环境及动态障碍的人工势场路径规划算法},
  author={杜婉茹 and 王潇茵 and 田涛 and 张越},
  journal={计算机科学},
  year={2021},
}
% [27]
@article{何小波2021基于互联网地图的矢量路况数据生成与应用方法研究,
  title={基于互联网地图的矢量路况数据生成与应用方法研究},
  author={何小波 and 罗跃 and 金贤锋 and 贾亚辉 and 韩维喆},
  journal={地理信息世界},
  volume={28},
  number={6},
  pages={6},
  year={2021},
}
% [28]
@article{孙卫真2019低采样率浮动车的路况计算精度优化,
  title={低采样率浮动车的路况计算精度优化},
  author={孙卫真 and 邱皓月 and 向勇 and 张禹},
  journal={小型微型计算机系统},
  number={3},
  pages={7},
  year={2019},
}
% [29]?为啥不是master of science而是phd
@phdthesis{张禹基于车辆轨迹的动态路况挖掘,
title={基于车辆轨迹的动态路况挖掘},
author={张禹},
school={北京理工大学},
year={2018},
}
% [30]
@Article{s22228885,
AUTHOR = {Zhou, Chang and Lu, Huimei and Xiang, Yong and Wu, Jingbang and Wang, Feng},
TITLE = {Geohash-Based Rapid Query Method of Regional Transactions in Blockchain for Internet of Vehicles},
JOURNAL = {Sensors},
VOLUME = {22},
YEAR = {2022},
NUMBER = {22},
ARTICLE-NUMBER = {8885},
URL = {https://www.mdpi.com/1424-8220/22/22/8885},
PubMedID = {36433481},
ISSN = {1424-8220},
DOI = {10.3390/s22228885}
}
